@article{Maxwell1865,
	doi = {10.1098/rstl.1865.0008},
	url = {https://doi.org/10.1098%2Frstl.1865.0008},
	year = 1865,
	month = {jan},
	publisher = {The Royal Society},
	volume = {155},
	number = {0},
	pages = {459--512},
	author = {J. C. Maxwell},
	title = {A Dynamical Theory of the Electromagnetic Field},
	journal = {Philosophical Transactions of the Royal Society of London}
}

% ______________________________________________________________
% _______________Nanomolecular scale forces_____________________
% ______________________________________________________________
@article{purcell1977life,
  title={Life at low Reynolds number},
  author={Purcell, Edward M},
  journal={American journal of physics},
  volume={45},
  number={1},
  pages={3--11},
  year={1977},
  publisher={AAPT}
}

@article{shtykova2013structural,
  title={Structural analysis of influenza A virus matrix protein M1 and its self-assemblies at low pH},
  author={Shtykova, Eleonora V and Baratova, Lyudmila A and Fedorova, Natalia V and Radyukhin, Victor A and Ksenofontov, Alexander L and Volkov, Vladimir V and Shishkov, Alexander V and Dolgov, Alexey A and Shilova, Liudmila A and Batishchev, Oleg V and others},
  journal={PLoS One},
  volume={8},
  number={12},
  pages={e82431},
  year={2013},
  publisher={Public Library of Science}
}

@article{muller2008tug,
  title={Tug-of-war as a cooperative mechanism for bidirectional cargo transport by molecular motors},
  author={M{\"u}ller, Melanie JI and Klumpp, Stefan and Lipowsky, Reinhard},
  journal={Proceedings of the National Academy of Sciences},
  volume={105},
  number={12},
  pages={4609--4614},
  year={2008},
  publisher={National Acad Sciences}
}

@article{hartmann1967cytoplasmic,
  title={Cytoplasmic and axoplasmic density variations in relation to hyperactivity},
  author={Hartmann, Henrik A and Casapis, Michael C},
  journal={Acta neuropathologica},
  volume={7},
  number={4},
  pages={327--335},
  year={1967},
  publisher={Springer}
}

@article{loferer1998determination,
  title={Determination of bacterial cell dry mass by transmission electron microscopy and densitometric image analysis},
  author={Loferer-Kr{\"o}{\ss}bacher, M and Klima, J and Psenner, R},
  journal={Applied and Environmental Microbiology},
  volume={64},
  number={2},
  pages={688--694},
  year={1998},
  publisher={Am Soc Microbiol}
}

@article{swaminathan1997photobleaching,
  title={Photobleaching recovery and anisotropy decay of green fluorescent protein GFP-S65T in solution and cells: cytoplasmic viscosity probed by green fluorescent protein translational and rotational diffusion},
  author={Swaminathan, R and Hoang, Cathy P and Verkman, AS},
  journal={Biophysical journal},
  volume={72},
  number={4},
  pages={1900--1907},
  year={1997},
  publisher={Elsevier}
}

@online{IAPWS2008,
  author = {Anton Paar},
  title = {Water Viscosity Table},
  year = 2008,
  url = {http://www.viscopedia.com/viscosity-tables/substances/water/}
}

@online{FE4,
  author = {Manjula Sharma},
  title = {Forces and Energy: Motion of Bodies in Fluids},
  year = 2006,
  url = {http://www.physics.usyd.edu.au/super/life_sciences/FE/FE4.pdf}
}

@article{li2014ph,
  title={pH-controlled two-step uncoating of influenza virus},
  author={Li, Sai and Sieben, Christian and Ludwig, Kai and H{\"o}fer, Chris T and Chiantia, Salvatore and Herrmann, Andreas and Eghiaian, Frederic and Schaap, Iwan AT},
  journal={Biophysical journal},
  volume={106},
  number={7},
  pages={1447--1456},
  year={2014},
  publisher={Elsevier}
}

@book{mcnaught1997compendium,
  title={IUPAC. Compendium of Chemical Terminology, 2nd ed. (the "Gold Book")},
  author={McNaught, Alan D and McNaught, Alan D},
  howpublished={XML on-line corrected version: http://goldbook.iupac.org (2006-) created by M. Nic, J. Jirat, B. Kosata; updates compiled by A. Jenkins. https://doi.org/10.1351/goldbook.},
  year={1997},
  publisher={Blackwell Science Oxford}
}

% ______________________________________________________________
% ____________________TugOfWar: Results_________________________
% ______________________________________________________________

@article{kawaguchi2003deacetylase,
  title={The deacetylase HDAC6 regulates aggresome formation and cell viability in response to misfolded protein stress},
  author={Kawaguchi, Yoshiharu and Kovacs, Jeffrey J and McLaurin, Adam and Vance, Jeffery M and Ito, Akihiro and Yao, Tso-Pang},
  journal={Cell},
  volume={115},
  number={6},
  pages={727--738},
  year={2003},
  publisher={Elsevier}
}

@article{kwon2007deacetylase,
  title={The deacetylase HDAC6 is a novel critical component of stress granules involved in the stress response},
  author={Kwon, SoHee and Zhang, Yu and Matthias, Patrick},
  journal={Genes \& development},
  volume={21},
  number={24},
  pages={3381--3394},
  year={2007},
  publisher={Cold Spring Harbor Lab}
}

@article{saito2019acetylation,
  title={Acetylation of intrinsically disordered regions regulates phase separation},
  author={Saito, Makoto and Hess, Daniel and Eglinger, Jan and Fritsch, Anatol W and Kreysing, Moritz and Weinert, Brian T and Choudhary, Chunaram and Matthias, Patrick},
  journal={Nature chemical biology},
  volume={15},
  number={1},
  pages={51--61},
  year={2019},
  publisher={Nature Publishing Group}
}

@article{hubbert2002hdac6,
  title={HDAC6 is a microtubule-associated deacetylase},
  author={Hubbert, Charlotte and Guardiola, Amaris and Shao, Rong and Kawaguchi, Yoshiharu and Ito, Akihiro and Nixon, Andrew and Yoshida, Minoru and Wang, Xiao-Fan and Yao, Tso-Pang},
  journal={Nature},
  volume={417},
  number={6887},
  pages={455--458},
  year={2002},
  publisher={Nature Publishing Group}
}

@article{kovacs2005hdac6,
  title={HDAC6 regulates Hsp90 acetylation and chaperone-dependent activation of glucocorticoid receptor},
  author={Kovacs, Jeffrey J and Murphy, Patrick JM and Gaillard, St{\'e}phanie and Zhao, Xuan and Wu, June-Tai and Nicchitta, Christopher V and Yoshida, Minoru and Toft, David O and Pratt, William B and Yao, Tso-Pang},
  journal={Molecular cell},
  volume={18},
  number={5},
  pages={601--607},
  year={2005},
  publisher={Elsevier}
}

@article{zhang2007hdac6,
  title={HDAC6 modulates cell motility by altering the acetylation level of cortactin},
  author={Zhang, Xiaohong and Yuan, Zhigang and Zhang, Yingtao and Yong, Sarah and Salas-Burgos, Alexis and Koomen, John and Olashaw, Nancy and Parsons, J Thomas and Yang, Xiang-Jiao and Dent, Sharon R and others},
  journal={Molecular cell},
  volume={27},
  number={2},
  pages={197--213},
  year={2007},
  publisher={Elsevier}
}

@article{zhang2003hdac,
  title={HDAC-6 interacts with and deacetylates tubulin and microtubules in vivo},
  author={Zhang, Yu and Li, Na and Caron, C{\'e}cile and Matthias, Gabriele and Hess, Daniel and Khochbin, Saadi and Matthias, Patrick},
  journal={The EMBO journal},
  volume={22},
  number={5},
  pages={1168--1179},
  year={2003},
  publisher={John Wiley \& Sons, Ltd}
}

@article{hook2002histone,
  title={Histone deacetylase 6 binds polyubiquitin through its zinc finger (PAZ domain) and copurifies with deubiquitinating enzymes},
  author={Hook, Sara S and Orian, Amir and Cowley, Shaun M and Eisenman, Robert N},
  journal={Proceedings of the National Academy of Sciences},
  volume={99},
  number={21},
  pages={13425--13430},
  year={2002},
  publisher={National Acad Sciences}
}

@article{seigneurin2001identification,
  title={Identification of components of the murine histone deacetylase 6 complex: link between acetylation and ubiquitination signaling pathways},
  author={Seigneurin-Berny, Daphn{\'e} and Verdel, Andr{\'e} and Curtet, Sandrine and Lemercier, Claudie and Garin, J{\'e}r{\^o}me and Rousseaux, Sophie and Khochbin, Saadi},
  journal={Molecular and cellular biology},
  volume={21},
  number={23},
  pages={8035--8044},
  year={2001},
  publisher={Am Soc Microbiol}
}

@article{banerjee2013high,
  title={High-content analysis of sequential events during the early phase of influenza A virus infection},
  author={Banerjee, Indranil and Yamauchi, Yohei and Helenius, Ari and Horvath, Peter},
  journal={PloS one},
  volume={8},
  number={7},
  pages={e68450},
  year={2013},
  publisher={Public Library of Science}
}

@article{hilsch2014influenza,
  title={Influenza A matrix protein M1 multimerizes upon binding to lipid membranes},
  author={Hilsch, Malte and Goldenbogen, Bj{\"o}rn and Sieben, Christian and H{\"o}fer, Chris T and Rabe, J{\"u}rgen P and Klipp, Edda and Herrmann, Andreas and Chiantia, Salvatore},
  journal={Biophysical journal},
  volume={107},
  number={4},
  pages={912--923},
  year={2014},
  publisher={Elsevier}
}

@article{gennerich2007force,
  title={Force-induced bidirectional stepping of cytoplasmic dynein},
  author={Gennerich, Arne and Carter, Andrew P and Reck-Peterson, Samara L and Vale, Ronald D},
  journal={Cell},
  volume={131},
  number={5},
  pages={952--965},
  year={2007},
  publisher={Elsevier}
}

@article{muller2008tug,
  title={Tug-of-war as a cooperative mechanism for bidirectional cargo transport by molecular motors},
  author={M{\"u}ller, Melanie JI and Klumpp, Stefan and Lipowsky, Reinhard},
  journal={Proceedings of the National Academy of Sciences},
  volume={105},
  number={12},
  pages={4609--4614},
  year={2008},
  publisher={National Acad Sciences}
}

@article{norstrom2010unconventional,
  title={Unconventional processive mechanics of non-muscle myosin IIB},
  author={Norstrom, Melanie F and Smithback, Philip A and Rock, Ronald S},
  journal={Journal of Biological Chemistry},
  volume={285},
  number={34},
  pages={26326--26334},
  year={2010},
  publisher={ASBMB}
}

% ______________________________________________________________
% ____________________TugOfWar: Methods_________________________
% ______________________________________________________________
@article{gennerich2007force,
  title={Force-induced bidirectional stepping of cytoplasmic dynein},
  author={Gennerich, Arne and Carter, Andrew P and Reck-Peterson, Samara L and Vale, Ronald D},
  journal={Cell},
  volume={131},
  number={5},
  pages={952--965},
  year={2007},
  publisher={Elsevier}
}

@article{muller2008tug,
  title={Tug-of-war as a cooperative mechanism for bidirectional cargo transport by molecular motors},
  author={M{\"u}ller, Melanie JI and Klumpp, Stefan and Lipowsky, Reinhard},
  journal={Proceedings of the National Academy of Sciences},
  volume={105},
  number={12},
  pages={4609--4614},
  year={2008},
  publisher={National Acad Sciences}
}

@article{norstrom2010unconventional,
  title={Unconventional processive mechanics of non-muscle myosin IIB},
  author={Norstrom, Melanie F and Smithback, Philip A and Rock, Ronald S},
  journal={Journal of Biological Chemistry},
  volume={285},
  number={34},
  pages={26326--26334},
  year={2010},
  publisher={ASBMB}
}