@misc{codataNA,
	Author = {P.J. Mohr and B.N. Taylor and D.B. Newell},
	Howpublished = {\url{https://physics.nist.gov/cgi-bin/cuu/Value?na}},
	Note = {(Online; accessed 2021-03-08)},
	Title = {{2018 CODATA recommended values}},
	Year = {2018}}
