@article{artcibasova2016mirimpact,
  title={MiRImpact, a new bioinformatic method using complete microRNA expression profiles to assess their overall influence on the activity of intracellular molecular pathways},
  author={Artcibasova, Alina V and Korzinkin, Mikhail B and Sorokin, Maksim I and Shegay, Peter V and Zhavoronkov, Alex A and Gaifullin, Nurshat and Alekseev, Boris Y and Vorobyev, Nikolay V and Kuzmin, Denis V and Kaprin, Аndrey D and others},
  journal={Cell Cycle},
  volume={15},
  number={5},
  pages={689--698},
  year={2016},
  publisher={Taylor \& Francis}
}

@article{buzdin2016early,
  title={Early stage of cytomegalovirus infection suppresses host microRNA expression regulation in human fibroblasts},
  author={Buzdin, Anton A and Artcibasova, Alina V and Fedorova, Natalya F and Suntsova, Maria V and Garazha, Andrew V and Sorokin, Maxim I and Allina, Daria and Shalatonin, Mikhail and Borisov, Nikolay M and Zhavoronkov, Alex A and others},
  journal={Cell Cycle},
  volume={15},
  number={24},
  pages={3378--3389},
  year={2016},
  publisher={Taylor \& Francis}
}

@inproceedings{artcibasova2021quantitative,
  title={A quantitative model for HDAC6-mediated virus uncoating predicts Influenza A infectivity},
  author={Artcibasova, Alina V and Wang, Longlong and Anchisi, Stephanie and Yamauchi, Yohei and Schmolke, Mirco and Matthias, Patrick and Stelling, Jörg},
  journal={?},
  year={2021},
  %publisher={Taylor \& Francis}
}